@Article{Leurent2024,
  author    = {Ga{\"{e}}tan Leurent and Clara Pernot},
  journal   = {{IACR} Trans. Symmetric Cryptol.},
  title     = {Design of a Linear Layer Optimised for Bitsliced 32-bit Implementation},
  year      = {2024},
  number    = {1},
  pages     = {441--458},
  volume    = {2024},
  bibsource = {dblp computer science bibliography, https://dblp.org},
  biburl    = {https://dblp.org/rec/journals/tosc/LeurentP24.bib},
  doi       = {10.46586/TOSC.V2024.I1.441-458},
}

@Article{Adomnicai2021,
  author    = {Alexandre Adomnicai and Thomas Peyrin},
  journal   = {{IACR} Trans. Cryptogr. Hardw. Embed. Syst.},
  title     = {Fixslicing AES-like Ciphers New bitsliced {AES} speed records on ARM-Cortex {M} and {RISC-V}},
  year      = {2021},
  number    = {1},
  pages     = {402--425},
  volume    = {2021},
  bibsource = {dblp computer science bibliography, https://dblp.org},
  biburl    = {https://dblp.org/rec/journals/tches/AdomnicaiP21.bib},
  doi       = {10.46586/TCHES.V2021.I1.402-425},
}

@InProceedings{Schwabe2016,
  author    = {Peter Schwabe and Ko Stoffelen},
  booktitle = {Selected Areas in Cryptography - {SAC} 2016 - 23rd International Conference, St. John's, NL, Canada, August 10-12, 2016, Revised Selected Papers},
  title     = {All the {AES} You Need on Cortex-M3 and {M4}},
  year      = {2016},
  editor    = {Roberto Avanzi and Howard M. Heys},
  pages     = {180--194},
  publisher = {Springer},
  series    = {Lecture Notes in Computer Science},
  volume    = {10532},
  bibsource = {dblp computer science bibliography, https://dblp.org},
  biburl    = {https://dblp.org/rec/conf/sacrypt/SchwabeS16.bib},
  doi       = {10.1007/978-3-319-69453-5\_{1}{0}},
  url       = {https://doi.org/10.1007/978-3-319-69453-5\_10},
}

@Comment{jabref-meta: databaseType:bibtex;}
